@misc{amazondrohne,
	author 	= "{boerse.ard.de}",
	title 	= "{Der Drohnen-Traum des Herrn Bezos}",
	month 	= "Juli",
	year 	= "2018",
	note	= "Online erh√§ltlich unter
	\url{https://www.tagesschau.de/wirtschaft/boerse/amazon-drohne-101.html};
	abgerufen am 8. November 2018."
}