@manual{datasheet_ds6450,
	author 	= "{Varta}",
	title 	= "{Datenblatt DS6450}",
	month 	= "September",
	year 	= "2014",
	note	= "Online erhältlich unter
	\url{https://products.varta-microbattery.com/applications/MB_DATA/DOCUMENTS/DATA_SHEETS/DS6450.pdf};
	abgerufen am 07. Juli 2019."
}
@manual{datasheet_mpu9250,
	author 	= "{InvenSense}",
	title 	= "{Datenblatt MPU-9250}",
	month 	= "Juni",
	year 	= "2016",
	note	= "Online erhältlich unter
	\url{https://www.invensense.com/wp-content/uploads/2015/02/PS-MPU-9250A-01-v1.1.pdf};
	abgerufen am 09. Juli 2019."
}
@manual{datasheet_tps2291,
	author 	= "{Texas Instruments}",
	title 	= "{Datenblatt TPS2291xx}",
	month 	= "November",
	year 	= "2015",
	note	= "Online erhältlich unter
	\url{https://www.ti.com/lit/ds/symlink/tps22913.pdf};
	abgerufen am 09. Juli 2019."
}
@manual{datasheet_hdc1000,
	author 	= "{Texas Instruments}",
	title 	= "{Datenblatt HDC1000}",
	month 	= "Januar",
	year 	= "2016",
	note	= "Online erhältlich unter
	\url{https://www.ti.com/lit/ds/symlink/hdc1000.pdf};
	abgerufen am 09. Juli 2019."
}
@manual{datasheet_bmp280,
	author 	= "{Bosch}",
	title 	= "{Datenblatt BMP280}",
	month 	= "Januar",
	year 	= "2018",
	note	= "Online erhältlich unter
	\url{https://ae-bst.resource.bosch.com/media/_tech/media/datasheets/BST-BMP280-DS001.pdf};
	abgerufen am 09. Juli 2019."
}
@manual{datasheet_opt3001,
	author 	= "{Texas Instruments}",
	title 	= "{Datenblatt OPT3001}",
	month 	= "November",
	year 	= "2017",
	note	= "Online erhältlich unter
	\url{https://www.ti.com/lit/ds/symlink/opt3001.pdf};
	abgerufen am 09. Juli 2019."
}
@manual{datasheet_lsm9ds1,
	author 	= "{STMicroelectronics}",
	title 	= "{Datenblatt LSM9DS1}",
	month 	= "März",
	year 	= "2015",
	note	= "Online erhältlich unter
	\url{https://www.st.com/resource/en/datasheet/lsm9ds1.pdf};
	abgerufen am 09. Juli 2019."
}
@manual{datasheet_acnsensa,
	author 	= "{aconno}",
	title 	= "{Datenblatt ACNSENSA}",
	month 	= "November",
	year 	= "2017",
	note	= "Online erhältlich unter
	\url{https://1897079276.rsc.cdn77.org/wp-content/uploads/2018/08/ACNSENSA_datasheet.pdf};
	abgerufen am 07. Juli 2019."
}
@manual{datasheet_sip32401a,
	author 	= "{Vishay}",
	title 	= "{Datenblatt sip32401a}",
	month 	= "Juni",
	year 	= "2015",
	note	= "Online erhältlich unter
	\url{https://www.vishay.com/docs/63705/sip32401a.pdf};
	abgerufen am 07. Juli 2019."
}
@manual{datasheet_lsm6ds3,
	author 	= "{STMicroelectronics}",
	title 	= "{Datenblatt LSM6DS3}",
	month 	= "August",
	year 	= "2017",
	note	= "Online erhältlich unter
	\url{https://www.st.com/resource/en/datasheet/lsm6ds3.pdf};
	abgerufen am 07. Juli 2019."
}
@manual{datasheet_primo,
	author 	= "{Arduino}",
	title 	= "{Datenblatt Primo Core}",
	month 	= "September",
	year 	= "2016",
	note	= "Online erhältlich unter
	\url{https://www.arduino.cc/en/uploads/Main/ARDUINO_PRIMO_CORE_V02_SCH.pdf};
	abgerufen am 09. Juli 2019."
}
@manual{datasheet_lis3mdl,
	author 	= "{STMicroelectronics}",
	title 	= "{Datenblatt LIS3MDL}",
	month 	= "Mai",
	year 	= "2017",
	note	= "Online erhältlich unter
	\url{https://www.st.com/resource/en/datasheet/lis3mdl.pdf};
	abgerufen am 09. Juli 2019."
}
@manual{datasheet_hts221,
	author 	= "{STMicroelectronics}",
	title 	= "{Datenblatt HTS221}",
	month 	= "August",
	year 	= "2016",
	note	= "Online erhältlich unter
	\url{https://www.st.com/resource/en/datasheet/hts221.pdf};
	abgerufen am 09. Juli 2019."
}
@manual{datasheet_nrfSpark,
	author 	= "{SparkFun}",
	title 	= "{Datenblatt nRF52832 Breakout}",
	month 	= "August",
	year 	= "2016",
	note	= "Online erhältlich unter
	\url{https://cdn.sparkfun.com/assets/learn_tutorials/5/4/9/sparkfun-nrf52832-breakout-schematic-v10.pdf};
	abgerufen am 09. Juli 2019."
}
@manual{datasheet_nrfAcn,
	author 	= "{aconno}",
	title 	= "{Datenblatt ACN52832}",
	month 	= "August",
	year 	= "2017",
	note	= "Online erhältlich unter
	\url{https://1897079276.rsc.cdn77.org/wp-content/uploads/2018/08/ACN52832_data_sheet_v1.3.pdf};
	abgerufen am 09. Juli 2019."
}
@manual{datasheet_nrfLaird,
	author 	= "{Laird}",
	title 	= "{Datenblatt BL651}",
	month 	= "Februar",
	year 	= "2019",
	note	= "Online erhältlich unter
	\url{https://connectivity-staging.s3.us-east-2.amazonaws.com/2019-02/CS-DS-BL651%20%20v1_1.pdf};
	abgerufen am 09. Juli 2019."
}
@manual{datasheet_lsm6dsl,
	author 	= "{STMicroelectronics}",
	title 	= "{Datenblatt LSM6DSL}",
	month 	= "September",
	year 	= "2017",
	note	= "Online erhältlich unter
	\url{https://www.st.com/resource/en/datasheet/lsm6dsl.pdf};
	abgerufen am 09. Juli 2019."
}
@manual{datasheet_bmi160,
	author 	= "{Bosch}",
	title 	= "{Datenblatt BMI160}",
	month 	= "Oktober",
	year 	= "2018",
	note	= "Online erhältlich unter
	\url{https://ae-bst.resource.bosch.com/media/_tech/media/datasheets/BST-BMI160-DS000.pdf};
	abgerufen am 09. Juli 2019."
}
@manual{datasheet_bmm150,
	author 	= "{Bosch}",
	title 	= "{Datenblatt BMM150}",
	month 	= "April",
	year 	= "2019",
	note	= "Online erhältlich unter
	\url{https://ae-bst.resource.bosch.com/media/_tech/media/datasheets/BST-BMM150-DS001.pdf};
	abgerufen am 09. Juli 2019."
}
