@misc{site_mems,
	author 	= "{Patrick Schnabele}",
	title 	= "{MEMS - Micro-Electro-Mechanical Systems}",
	month 	= "Juni",
	year 	= "2019",
	note	= "Online erhältlich unter
	\url{https://www.elektronik-kompendium.de/sites/bau/1503041.htm};
	abgerufen am 30. Juni 2019."
}
@misc{site_dms,
	author 	= "{Patrick Schnabel}",
	title 	= "{DMS - Dehnungsmessstreifen}",
	month 	= "Juni",
	year 	= "2019",
	note	= "Online erhältlich unter
	\url{https://www.elektronik-kompendium.de/sites/bau/1404151.htm};
	abgerufen am 30. Juni 2019."
}
@misc{site_liion,
	author 	= "{Patrick Schnabel}",
	title 	= "{Lithium-Ionen-Akkus}",
	month 	= "Juni",
	year 	= "2019",
	note	= "Online erhältlich unter
	\url{https://www.elektronik-kompendium.de/sites/bau/0810281.htm};
	abgerufen am 07. Juli 2019."
}
@misc{site_sensorbild,
	author 	= "{sensoren.info}",
	title 	= "{MEMS - Micro-Electro-Mechanical Systems}",
	month 	= "Januar",
	year 	= "2018",
	note	= "Online erhältlich unter
	\url{https://www.sensoren.info/mikromechBeschl.png};
	abgerufen am 30. Juni 2019."
}
@misc{site_adabt,
	author 	= "{Adafruit Industries}",
	title 	= "{Introduction to Bluetooth Low Energy}",
	month 	= "März",
	year 	= "2019",
	note	= "Online erhältlich unter
	\url{https://cdn-learn.adafruit.com/downloads/pdf/introduction-to-bluetooth-low-energy.pdf?timestamp=1562415841};
	abgerufen am 06. Juli 2019."
}
@misc{site_tigap,
	author 	= "{Texas Instruments}",
	title 	= "{Generic Access Profile (GAP)}",
	year 	= "2016",
	note	= "Online erhältlich unter
	\url{http://dev.ti.com/tirex/content/simplelink_cc2640r2_sdk_1_40_00_45/docs/blestack/ble_user_guide/html/ble-stack-3.x/gap.html#};
	abgerufen am 06. Juli 2019."
}
@misc{site_til2cap,
	author 	= "{Texas Instruments}",
	title 	= "{Logical Link Control and Adaptation Layer Protocol (L2CAP)}",
	year 	= "2016",
	note	= "Online erhältlich unter
	\url{http://dev.ti.com/tirex/content/simplelink_cc2640r2_sdk_1_35_00_33/docs/ble5stack/ble_user_guide/html/ble-stack/l2cap.html#sec-l2cap};
	abgerufen am 13. Juli 2019."
}
@misc{site_norChara,
	author 	= "{Nordic Semiconductor}",
	title 	= "{Bluetooth low energy Characteristics, a beginner's tutorial}",
	month 	= "März",
	year 	= "2016",
	note	= "Online erhältlich unter
	\url{https://devzone.nordicsemi.com/nordic/short-range-guides/b/bluetooth-low-energy/posts/ble-characteristics-a-beginners-tutorial};
	abgerufen am 06. Juli 2019."
}
@misc{site_micSpi,
	author 	= "{microcontroller.net}",
	title 	= "{Serial Peripheral Interface}",
	note	= "Online erhältlich unter
	\url{https://www.mikrocontroller.net/articles/Serial_Peripheral_Interface};
	abgerufen am 07. Juli 2019."
}
@misc{site_cc2650stk,
	author 	= "{Texas Instruments}",
	title 	= "{CC2650STK}",
	note	= "Online erhältlich unter
	\url{https://www.ti.com/tool/CC2650STK};
	abgerufen am 07. Juli 2019."
}
@misc{site_tmp007,
	author 	= "{digikey.com}",
	title 	= "{TMP007 Infrared Thermopile Sensor}",
	note	= "Online erhältlich unter
	\url{https://www.digikey.com/en/product-highlight/t/texas-instruments/tmp007-infrared-thermopile-sensor};
	abgerufen am 09. Juli 2019."
}
@misc{site_primo,
	author 	= "{ARDUINO}",
	title 	= "{ARDUINO PRIMO CORE}",
	note	= "Online erhältlich unter
	\url{https://store.arduino.cc/arduino-primo-core};
	abgerufen am 09. Juli 2019."
}
@misc{site_mouserAcnsensa,
	author 	= "{mouser.com}",
	title 	= "{acnSENSA}",
	note	= "Online erhältlich unter
	\url{https://www.mouser.de/ProductDetail/aconno/acnSENSA?qs=sGAEpiMZZMve4%2FbfQkoj%252BGMseiRPTSjeOSSloCsufA0%3D};
	abgerufen am 08. Juli 2019."
}
@misc{site_arduinolp,
	author 	= "{madcoffee auf home-automation-community.com}",
	title 	= "{ARDUINO LOW POWER - HOW TO RUN ATMEGA328P FOR A YEAR ON COIN CELL BATTERY}",
	month 	= "Februar",
	year 	= "2019",
	note	= "Online erhältlich unter
	\url{http://www.home-automation-community.com/arduino-low-power-how-to-run-atmega328p-for-a-year-on-coin-cell-battery/};
	abgerufen am 09. Juli 2019."
}
@misc{site_arduinolp2,
	author 	= "{ALEX THE GIANT auf learn.sparkfun.com}",
	title 	= "{Reducing Arduino Power Consumption}",
	month 	= "November",
	year 	= "2016",
	note	= "Online erhältlich unter
	\url{https://learn.sparkfun.com/tutorials/reducing-arduino-power-consumption/all};
	abgerufen am 09. Juli 2019."
}
@misc{site_qualifiedMesh,
	author 	= "{Bluetooth SIG}",
	title 	= "{Qualified Mesh Products}",
	note	= "Online erhältlich unter
	\url{https://www.bluetooth.com/bluetooth-technology/topology-options/le-mesh/mesh-qualified/};
	abgerufen am 01. März 2019."
}
@misc{site_nrfProducts,
	author 	= "{Nordic Semiconductor}",
	title 	= "{Explore the nRF52 Series}",
	note	= "Online erhältlich unter
	\url{https://www.nordicsemi.com/Products/Low-power-short-range-wireless};
	abgerufen am 09. Juli 2019."
}
@misc{site_bmi260,
	author 	= "{Bosch}",
	title 	= "{Produktseite BMI260}",
	note	= "Online erhältlich unter
	\url{https://www.bosch-sensortec.com/bst/products/all_products/bmi260};
	abgerufen am 09. Juli 2019."
}
@misc{site_mbedMesh,
	author 	= "{Arm Limited}",
	title 	= "{Network connectivity in Mbed OS}",
	year 	= "2019",
	note	= "Online erhältlich unter
	\url{https://os.mbed.com/docs/mbed-os/v5.13/reference/networking.html};
	abgerufen am 11. Juli 2019."
}
@misc{site_sesDebug,
	author 	= "{Mauricio Farina auf devzone.nordicsemi.com}",
	title 	= "{NRF\_LOG not working on Segger Embedded Studio}",
	month 	= "April",
	year 	= "2019",
	note	= "Online erhältlich unter
	\url{https://devzone.nordicsemi.com/f/nordic-q-a/45985/nrf_log-not-working-on-segger-embedded-studio};
	abgerufen am 11. Juli 2019."
}
@misc{site_mesh,
	author 	= "{Patrick Schnabel}",
	title 	= "{Bluetooth Mesh}",
	month 	= "Juni",
	year 	= "2019",
	note	= "Online erhältlich unter
	\url{https://www.elektronik-kompendium.de/sites/kom/2210201.htm};
	abgerufen am 13. Juli 2019."
}
@misc{site_androidBlTarget,
	author 	= "{Google}",
	title 	= "{Android-Quellcode bt\_target.h}",
	month 	= "Dezember",
	year 	= "2014",
	note	= "Online erhältlich unter
	\url{https://android.googlesource.com/platform/external/bluetooth/bluedroid/+/master/include/bt_target.h#1428};
	abgerufen am 13. Juli 2019."
}
